%YAML 1.1
%TAG !u! tag:unity3d.com,2011:
--- !u!29 &1
OcclusionCullingSettings:
  m_ObjectHideFlags: 0
  serializedVersion: 2
  m_OcclusionBakeSettings:
    smallestOccluder: 5
    smallestHole: 0.25
    backfaceThreshold: 100
  m_SceneGUID: 00000000000000000000000000000000
  m_OcclusionCullingData: {fileID: 0}
--- !u!104 &2
RenderSettings:
  m_ObjectHideFlags: 0
  serializedVersion: 9
  m_Fog: 0
  m_FogColor: {r: 0.5, g: 0.5, b: 0.5, a: 1}
  m_FogMode: 3
  m_FogDensity: 0.01
  m_LinearFogStart: 0
  m_LinearFogEnd: 300
  m_AmbientSkyColor: {r: 0.212, g: 0.227, b: 0.259, a: 1}
  m_AmbientEquatorColor: {r: 0.114, g: 0.125, b: 0.133, a: 1}
  m_AmbientGroundColor: {r: 0.047, g: 0.043, b: 0.035, a: 1}
  m_AmbientIntensity: 1
  m_AmbientMode: 3
  m_SubtractiveShadowColor: {r: 0.42, g: 0.478, b: 0.627, a: 1}
  m_SkyboxMaterial: {fileID: 0}
  m_HaloStrength: 0.5
  m_FlareStrength: 1
  m_FlareFadeSpeed: 3
  m_HaloTexture: {fileID: 0}
  m_SpotCookie: {fileID: 10001, guid: 0000000000000000e000000000000000, type: 0}
  m_DefaultReflectionMode: 0
  m_DefaultReflectionResolution: 128
  m_ReflectionBounces: 1
  m_ReflectionIntensity: 1
  m_CustomReflection: {fileID: 0}
  m_Sun: {fileID: 0}
  m_IndirectSpecularColor: {r: 0, g: 0, b: 0, a: 1}
  m_UseRadianceAmbientProbe: 0
--- !u!157 &3
LightmapSettings:
  m_ObjectHideFlags: 0
  serializedVersion: 11
  m_GIWorkflowMode: 1
  m_GISettings:
    serializedVersion: 2
    m_BounceScale: 1
    m_IndirectOutputScale: 1
    m_AlbedoBoost: 1
    m_TemporalCoherenceThreshold: 1
    m_EnvironmentLightingMode: 0
    m_EnableBakedLightmaps: 0
    m_EnableRealtimeLightmaps: 0
  m_LightmapEditorSettings:
    serializedVersion: 10
    m_Resolution: 2
    m_BakeResolution: 40
    m_AtlasSize: 1024
    m_AO: 0
    m_AOMaxDistance: 1
    m_CompAOExponent: 1
    m_CompAOExponentDirect: 0
    m_Padding: 2
    m_LightmapParameters: {fileID: 0}
    m_LightmapsBakeMode: 1
    m_TextureCompression: 1
    m_FinalGather: 0
    m_FinalGatherFiltering: 1
    m_FinalGatherRayCount: 256
    m_ReflectionCompression: 2
    m_MixedBakeMode: 2
    m_BakeBackend: 0
    m_PVRSampling: 1
    m_PVRDirectSampleCount: 32
    m_PVRSampleCount: 500
    m_PVRBounces: 2
    m_PVRFilterTypeDirect: 0
    m_PVRFilterTypeIndirect: 0
    m_PVRFilterTypeAO: 0
    m_PVRFilteringMode: 1
    m_PVRCulling: 1
    m_PVRFilteringGaussRadiusDirect: 1
    m_PVRFilteringGaussRadiusIndirect: 5
    m_PVRFilteringGaussRadiusAO: 2
    m_PVRFilteringAtrousPositionSigmaDirect: 0.5
    m_PVRFilteringAtrousPositionSigmaIndirect: 2
    m_PVRFilteringAtrousPositionSigmaAO: 1
    m_ShowResolutionOverlay: 1
  m_LightingDataAsset: {fileID: 0}
  m_UseShadowmask: 1
--- !u!196 &4
NavMeshSettings:
  serializedVersion: 2
  m_ObjectHideFlags: 0
  m_BuildSettings:
    serializedVersion: 2
    agentTypeID: 0
    agentRadius: 0.5
    agentHeight: 2
    agentSlope: 45
    agentClimb: 0.4
    ledgeDropHeight: 0
    maxJumpAcrossDistance: 0
    minRegionArea: 2
    manualCellSize: 0
    cellSize: 0.16666667
    manualTileSize: 0
    tileSize: 256
    accuratePlacement: 0
    debug:
      m_Flags: 0
  m_NavMeshData: {fileID: 0}
--- !u!1 &60611924
GameObject:
  m_ObjectHideFlags: 0
  m_CorrespondingSourceObject: {fileID: 0}
  m_PrefabInternal: {fileID: 0}
  serializedVersion: 6
  m_Component:
  - component: {fileID: 60611925}
  m_Layer: 9
  m_Name: Swing2
  m_TagString: Untagged
  m_Icon: {fileID: 0}
  m_NavMeshLayer: 0
  m_StaticEditorFlags: 0
  m_IsActive: 1
--- !u!4 &60611925
Transform:
  m_ObjectHideFlags: 0
  m_CorrespondingSourceObject: {fileID: 0}
  m_PrefabInternal: {fileID: 0}
  m_GameObject: {fileID: 60611924}
  m_LocalRotation: {x: -0, y: -0, z: -0, w: 1}
  m_LocalPosition: {x: 111.3, y: 28.13, z: 0}
  m_LocalScale: {x: 1, y: 1, z: 1}
  m_Children:
  - {fileID: 778067629}
  - {fileID: 114636516}
  m_Father: {fileID: 0}
  m_RootOrder: 9
  m_LocalEulerAnglesHint: {x: 0, y: 0, z: 0}
--- !u!1001 &105119820
Prefab:
  m_ObjectHideFlags: 0
  serializedVersion: 2
  m_Modification:
    m_TransformParent: {fileID: 0}
    m_Modifications:
    - target: {fileID: 400000, guid: ba4eef1c1bb56b444b143beb8d3e30d5, type: 2}
      propertyPath: m_LocalPosition.x
      value: 91.15
      objectReference: {fileID: 0}
    - target: {fileID: 400000, guid: ba4eef1c1bb56b444b143beb8d3e30d5, type: 2}
      propertyPath: m_LocalPosition.y
      value: 20.98
      objectReference: {fileID: 0}
    - target: {fileID: 400000, guid: ba4eef1c1bb56b444b143beb8d3e30d5, type: 2}
      propertyPath: m_LocalPosition.z
      value: 0
      objectReference: {fileID: 0}
    - target: {fileID: 400000, guid: ba4eef1c1bb56b444b143beb8d3e30d5, type: 2}
      propertyPath: m_LocalRotation.x
      value: 0
      objectReference: {fileID: 0}
    - target: {fileID: 400000, guid: ba4eef1c1bb56b444b143beb8d3e30d5, type: 2}
      propertyPath: m_LocalRotation.y
      value: 0
      objectReference: {fileID: 0}
    - target: {fileID: 400000, guid: ba4eef1c1bb56b444b143beb8d3e30d5, type: 2}
      propertyPath: m_LocalRotation.z
      value: 0
      objectReference: {fileID: 0}
    - target: {fileID: 400000, guid: ba4eef1c1bb56b444b143beb8d3e30d5, type: 2}
      propertyPath: m_LocalRotation.w
      value: 1
      objectReference: {fileID: 0}
    - target: {fileID: 400000, guid: ba4eef1c1bb56b444b143beb8d3e30d5, type: 2}
      propertyPath: m_RootOrder
      value: 7
      objectReference: {fileID: 0}
    - target: {fileID: 100000, guid: ba4eef1c1bb56b444b143beb8d3e30d5, type: 2}
      propertyPath: m_Layer
      value: 8
      objectReference: {fileID: 0}
    - target: {fileID: 100004, guid: ba4eef1c1bb56b444b143beb8d3e30d5, type: 2}
      propertyPath: m_Layer
      value: 8
      objectReference: {fileID: 0}
    - target: {fileID: 100002, guid: ba4eef1c1bb56b444b143beb8d3e30d5, type: 2}
      propertyPath: m_Layer
      value: 8
      objectReference: {fileID: 0}
    - target: {fileID: 100012, guid: ba4eef1c1bb56b444b143beb8d3e30d5, type: 2}
      propertyPath: m_Layer
      value: 8
      objectReference: {fileID: 0}
    - target: {fileID: 100006, guid: ba4eef1c1bb56b444b143beb8d3e30d5, type: 2}
      propertyPath: m_Layer
      value: 8
      objectReference: {fileID: 0}
    - target: {fileID: 100010, guid: ba4eef1c1bb56b444b143beb8d3e30d5, type: 2}
      propertyPath: m_Layer
      value: 8
      objectReference: {fileID: 0}
    - target: {fileID: 100014, guid: ba4eef1c1bb56b444b143beb8d3e30d5, type: 2}
      propertyPath: m_Layer
      value: 8
      objectReference: {fileID: 0}
    - target: {fileID: 100008, guid: ba4eef1c1bb56b444b143beb8d3e30d5, type: 2}
      propertyPath: m_Layer
      value: 8
      objectReference: {fileID: 0}
    - target: {fileID: 100000, guid: ba4eef1c1bb56b444b143beb8d3e30d5, type: 2}
      propertyPath: m_Name
      value: Platform16x01 (1)
      objectReference: {fileID: 0}
    m_RemovedComponents: []
  m_SourcePrefab: {fileID: 100100000, guid: ba4eef1c1bb56b444b143beb8d3e30d5, type: 2}
  m_IsPrefabAsset: 0
--- !u!1 &114636515
GameObject:
  m_ObjectHideFlags: 0
  m_CorrespondingSourceObject: {fileID: 0}
  m_PrefabInternal: {fileID: 0}
  serializedVersion: 6
  m_Component:
  - component: {fileID: 114636516}
  - component: {fileID: 114636517}
  m_Layer: 0
  m_Name: line
  m_TagString: Untagged
  m_Icon: {fileID: 0}
  m_NavMeshLayer: 0
  m_StaticEditorFlags: 0
  m_IsActive: 1
--- !u!4 &114636516
Transform:
  m_ObjectHideFlags: 0
  m_CorrespondingSourceObject: {fileID: 0}
  m_PrefabInternal: {fileID: 0}
  m_GameObject: {fileID: 114636515}
  m_LocalRotation: {x: -0, y: -0, z: -0, w: 1}
  m_LocalPosition: {x: -37.379997, y: -10.66, z: 0.36454514}
  m_LocalScale: {x: 1, y: 1, z: 1}
  m_Children: []
  m_Father: {fileID: 60611925}
  m_RootOrder: 1
  m_LocalEulerAnglesHint: {x: 0, y: 0, z: 0}
--- !u!120 &114636517
LineRenderer:
  m_ObjectHideFlags: 0
  m_CorrespondingSourceObject: {fileID: 0}
  m_PrefabInternal: {fileID: 0}
  m_GameObject: {fileID: 114636515}
  m_Enabled: 1
  m_CastShadows: 1
  m_ReceiveShadows: 1
  m_DynamicOccludee: 1
  m_MotionVectors: 0
  m_LightProbeUsage: 0
  m_ReflectionProbeUsage: 0
  m_RenderingLayerMask: 4294967295
  m_Materials:
  - {fileID: 0}
  m_StaticBatchInfo:
    firstSubMesh: 0
    subMeshCount: 0
  m_StaticBatchRoot: {fileID: 0}
  m_ProbeAnchor: {fileID: 0}
  m_LightProbeVolumeOverride: {fileID: 0}
  m_ScaleInLightmap: 1
  m_PreserveUVs: 0
  m_IgnoreNormalsForChartDetection: 0
  m_ImportantGI: 0
  m_StitchLightmapSeams: 0
  m_SelectedEditorRenderState: 3
  m_MinimumChartSize: 4
  m_AutoUVMaxDistance: 0.5
  m_AutoUVMaxAngle: 89
  m_LightmapParameters: {fileID: 0}
  m_SortingLayerID: 0
  m_SortingLayer: 0
  m_SortingOrder: 0
  m_Positions:
  - {x: 0, y: 0, z: 0}
  - {x: 0, y: 0, z: 0}
  m_Parameters:
    serializedVersion: 2
    widthMultiplier: 1
    widthCurve:
      serializedVersion: 2
      m_Curve:
      - serializedVersion: 3
        time: 0.16966629
        value: 0.3103447
        inSlope: 0
        outSlope: 0
        tangentMode: 0
        weightedMode: 0
        inWeight: 0.33333334
        outWeight: 0.33333334
      m_PreInfinity: 2
      m_PostInfinity: 2
      m_RotationOrder: 4
    colorGradient:
      serializedVersion: 2
      key0: {r: 1, g: 1, b: 1, a: 1}
      key1: {r: 1, g: 1, b: 1, a: 1}
      key2: {r: 0, g: 0, b: 0, a: 0}
      key3: {r: 0, g: 0, b: 0, a: 0}
      key4: {r: 0, g: 0, b: 0, a: 0}
      key5: {r: 0, g: 0, b: 0, a: 0}
      key6: {r: 0, g: 0, b: 0, a: 0}
      key7: {r: 0, g: 0, b: 0, a: 0}
      ctime0: 0
      ctime1: 65535
      ctime2: 0
      ctime3: 0
      ctime4: 0
      ctime5: 0
      ctime6: 0
      ctime7: 0
      atime0: 0
      atime1: 65535
      atime2: 0
      atime3: 0
      atime4: 0
      atime5: 0
      atime6: 0
      atime7: 0
      m_Mode: 0
      m_NumColorKeys: 2
      m_NumAlphaKeys: 2
    numCornerVertices: 0
    numCapVertices: 0
    alignment: 0
    textureMode: 0
    generateLightingData: 0
  m_UseWorldSpace: 1
  m_Loop: 0
--- !u!1 &324724847 stripped
GameObject:
  m_CorrespondingSourceObject: {fileID: 100000, guid: 18fcd494ab71841d695135246693eb3a,
    type: 2}
  m_PrefabInternal: {fileID: 1680241603}
--- !u!114 &324724848
MonoBehaviour:
  m_ObjectHideFlags: 0
  m_CorrespondingSourceObject: {fileID: 0}
  m_PrefabInternal: {fileID: 0}
  m_GameObject: {fileID: 324724847}
  m_Enabled: 1
  m_EditorHideFlags: 0
  m_Script: {fileID: 11500000, guid: cb361d21b974edf4ca691d74e738cf36, type: 3}
  m_Name: 
  m_EditorClassIdentifier: 
  robot: {fileID: 1665382895}
  line: {fileID: 783150570}
--- !u!50 &324724849
Rigidbody2D:
  serializedVersion: 4
  m_ObjectHideFlags: 0
  m_CorrespondingSourceObject: {fileID: 0}
  m_PrefabInternal: {fileID: 0}
  m_GameObject: {fileID: 324724847}
  m_BodyType: 1
  m_Simulated: 1
  m_UseFullKinematicContacts: 0
  m_UseAutoMass: 0
  m_Mass: 1
  m_LinearDrag: 0
  m_AngularDrag: 0.05
  m_GravityScale: 1
  m_Material: {fileID: 0}
  m_Interpolate: 0
  m_SleepingMode: 1
  m_CollisionDetection: 1
  m_Constraints: 0
--- !u!232 &324724850
DistanceJoint2D:
  m_ObjectHideFlags: 0
  m_CorrespondingSourceObject: {fileID: 0}
  m_PrefabInternal: {fileID: 0}
  m_GameObject: {fileID: 324724847}
  m_Enabled: 0
  serializedVersion: 4
  m_EnableCollision: 0
  m_ConnectedRigidBody: {fileID: 1665382897}
  m_BreakForce: 1000
  m_BreakTorque: Infinity
  m_AutoConfigureConnectedAnchor: 0
  m_Anchor: {x: 0.625, y: 0.625}
  m_ConnectedAnchor: {x: -0.00000010457438, y: -0.00000020043228}
  m_AutoConfigureDistance: 1
  m_Distance: 11.371043
  m_MaxDistanceOnly: 1
--- !u!4 &324724853 stripped
Transform:
  m_CorrespondingSourceObject: {fileID: 400000, guid: 18fcd494ab71841d695135246693eb3a,
    type: 2}
  m_PrefabInternal: {fileID: 1680241603}
--- !u!1001 &325018236
Prefab:
  m_ObjectHideFlags: 0
  serializedVersion: 2
  m_Modification:
    m_TransformParent: {fileID: 0}
    m_Modifications:
    - target: {fileID: 400000, guid: a038b284634e29f4aaf058814aa61a6f, type: 2}
      propertyPath: m_LocalPosition.x
      value: 68.2
      objectReference: {fileID: 0}
    - target: {fileID: 400000, guid: a038b284634e29f4aaf058814aa61a6f, type: 2}
      propertyPath: m_LocalPosition.y
      value: 31.2
      objectReference: {fileID: 0}
    - target: {fileID: 400000, guid: a038b284634e29f4aaf058814aa61a6f, type: 2}
      propertyPath: m_LocalPosition.z
      value: 0
      objectReference: {fileID: 0}
    - target: {fileID: 400000, guid: a038b284634e29f4aaf058814aa61a6f, type: 2}
      propertyPath: m_LocalRotation.x
      value: 0
      objectReference: {fileID: 0}
    - target: {fileID: 400000, guid: a038b284634e29f4aaf058814aa61a6f, type: 2}
      propertyPath: m_LocalRotation.y
      value: 0
      objectReference: {fileID: 0}
    - target: {fileID: 400000, guid: a038b284634e29f4aaf058814aa61a6f, type: 2}
      propertyPath: m_LocalRotation.z
      value: 0
      objectReference: {fileID: 0}
    - target: {fileID: 400000, guid: a038b284634e29f4aaf058814aa61a6f, type: 2}
      propertyPath: m_LocalRotation.w
      value: 1
      objectReference: {fileID: 0}
    - target: {fileID: 400000, guid: a038b284634e29f4aaf058814aa61a6f, type: 2}
      propertyPath: m_RootOrder
      value: 5
      objectReference: {fileID: 0}
    - target: {fileID: 400000, guid: a038b284634e29f4aaf058814aa61a6f, type: 2}
      propertyPath: m_LocalScale.x
      value: 0.062499985
      objectReference: {fileID: 0}
    - target: {fileID: 100000, guid: a038b284634e29f4aaf058814aa61a6f, type: 2}
      propertyPath: m_Name
      value: SoundZone
      objectReference: {fileID: 0}
    m_RemovedComponents:
    - {fileID: 11400000, guid: a038b284634e29f4aaf058814aa61a6f, type: 2}
  m_SourcePrefab: {fileID: 100100000, guid: a038b284634e29f4aaf058814aa61a6f, type: 2}
  m_IsPrefabAsset: 0
--- !u!4 &418437497 stripped
Transform:
  m_CorrespondingSourceObject: {fileID: 400000, guid: 87a2357765801c34292d6718d8b4d770,
    type: 2}
  m_PrefabInternal: {fileID: 866963964}
--- !u!1 &505019942
GameObject:
  m_ObjectHideFlags: 0
  m_CorrespondingSourceObject: {fileID: 0}
  m_PrefabInternal: {fileID: 0}
  serializedVersion: 6
  m_Component:
  - component: {fileID: 505019945}
  - component: {fileID: 505019944}
  - component: {fileID: 505019943}
  m_Layer: 0
  m_Name: 'Terminate '
  m_TagString: Untagged
  m_Icon: {fileID: 0}
  m_NavMeshLayer: 0
  m_StaticEditorFlags: 0
  m_IsActive: 1
--- !u!114 &505019943
MonoBehaviour:
  m_ObjectHideFlags: 0
  m_CorrespondingSourceObject: {fileID: 0}
  m_PrefabInternal: {fileID: 0}
  m_GameObject: {fileID: 505019942}
  m_Enabled: 1
  m_EditorHideFlags: 0
  m_Script: {fileID: 11500000, guid: e053b0a94752146e79954ce4df1b5565, type: 3}
  m_Name: 
  m_EditorClassIdentifier: 
--- !u!61 &505019944
BoxCollider2D:
  m_ObjectHideFlags: 0
  m_CorrespondingSourceObject: {fileID: 0}
  m_PrefabInternal: {fileID: 0}
  m_GameObject: {fileID: 505019942}
  m_Enabled: 1
  m_Density: 1
  m_Material: {fileID: 0}
  m_IsTrigger: 1
  m_UsedByEffector: 0
  m_UsedByComposite: 0
  m_Offset: {x: 0, y: 0}
  m_SpriteTilingProperty:
    border: {x: 0, y: 0, z: 0, w: 0}
    pivot: {x: 0, y: 0}
    oldSize: {x: 0, y: 0}
    newSize: {x: 0, y: 0}
    adaptiveTilingThreshold: 0
    drawMode: 0
    adaptiveTiling: 0
  m_AutoTiling: 0
  serializedVersion: 2
  m_Size: {x: 1, y: 1}
  m_EdgeRadius: 0
--- !u!4 &505019945
Transform:
  m_ObjectHideFlags: 0
  m_CorrespondingSourceObject: {fileID: 0}
  m_PrefabInternal: {fileID: 0}
  m_GameObject: {fileID: 505019942}
  m_LocalRotation: {x: -0, y: -0, z: -0, w: 1}
  m_LocalPosition: {x: 105.83, y: 12.75, z: 0}
  m_LocalScale: {x: 227.84557, y: 0.24200661, z: 0.92193}
  m_Children: []
  m_Father: {fileID: 0}
  m_RootOrder: 6
  m_LocalEulerAnglesHint: {x: 0, y: 0, z: 0}
--- !u!1 &778067628 stripped
GameObject:
  m_CorrespondingSourceObject: {fileID: 100000, guid: 18fcd494ab71841d695135246693eb3a,
    type: 2}
  m_PrefabInternal: {fileID: 1901351886}
--- !u!4 &778067629 stripped
Transform:
  m_CorrespondingSourceObject: {fileID: 400000, guid: 18fcd494ab71841d695135246693eb3a,
    type: 2}
  m_PrefabInternal: {fileID: 1901351886}
--- !u!114 &778067630
MonoBehaviour:
  m_ObjectHideFlags: 0
  m_CorrespondingSourceObject: {fileID: 0}
  m_PrefabInternal: {fileID: 0}
  m_GameObject: {fileID: 778067628}
  m_Enabled: 1
  m_EditorHideFlags: 0
  m_Script: {fileID: 11500000, guid: cb361d21b974edf4ca691d74e738cf36, type: 3}
  m_Name: 
  m_EditorClassIdentifier: 
  robot: {fileID: 1665382895}
  line: {fileID: 114636517}
--- !u!232 &778067631
DistanceJoint2D:
  m_ObjectHideFlags: 0
  m_CorrespondingSourceObject: {fileID: 0}
  m_PrefabInternal: {fileID: 0}
  m_GameObject: {fileID: 778067628}
  m_Enabled: 0
  serializedVersion: 4
  m_EnableCollision: 0
  m_ConnectedRigidBody: {fileID: 1665382897}
  m_BreakForce: 1000
  m_BreakTorque: Infinity
  m_AutoConfigureConnectedAnchor: 0
  m_Anchor: {x: 0.625, y: 0.625}
  m_ConnectedAnchor: {x: -0.00000010457438, y: -0.00000020043228}
  m_AutoConfigureDistance: 1
  m_Distance: 11.371043
  m_MaxDistanceOnly: 1
--- !u!50 &778067632
Rigidbody2D:
  serializedVersion: 4
  m_ObjectHideFlags: 0
  m_CorrespondingSourceObject: {fileID: 0}
  m_PrefabInternal: {fileID: 0}
  m_GameObject: {fileID: 778067628}
  m_BodyType: 1
  m_Simulated: 1
  m_UseFullKinematicContacts: 0
  m_UseAutoMass: 0
  m_Mass: 1
  m_LinearDrag: 0
  m_AngularDrag: 0.05
  m_GravityScale: 1
  m_Material: {fileID: 0}
  m_Interpolate: 0
  m_SleepingMode: 1
  m_CollisionDetection: 1
  m_Constraints: 0
--- !u!1 &783150569
GameObject:
  m_ObjectHideFlags: 0
  m_CorrespondingSourceObject: {fileID: 0}
  m_PrefabInternal: {fileID: 0}
  serializedVersion: 6
  m_Component:
  - component: {fileID: 783150571}
  - component: {fileID: 783150570}
  m_Layer: 0
  m_Name: line
  m_TagString: Untagged
  m_Icon: {fileID: 0}
  m_NavMeshLayer: 0
  m_StaticEditorFlags: 0
  m_IsActive: 1
--- !u!120 &783150570
LineRenderer:
  m_ObjectHideFlags: 0
  m_CorrespondingSourceObject: {fileID: 0}
  m_PrefabInternal: {fileID: 0}
  m_GameObject: {fileID: 783150569}
  m_Enabled: 1
  m_CastShadows: 1
  m_ReceiveShadows: 1
  m_DynamicOccludee: 1
  m_MotionVectors: 0
  m_LightProbeUsage: 0
  m_ReflectionProbeUsage: 0
  m_RenderingLayerMask: 4294967295
  m_Materials:
  - {fileID: 0}
  m_StaticBatchInfo:
    firstSubMesh: 0
    subMeshCount: 0
  m_StaticBatchRoot: {fileID: 0}
  m_ProbeAnchor: {fileID: 0}
  m_LightProbeVolumeOverride: {fileID: 0}
  m_ScaleInLightmap: 1
  m_PreserveUVs: 0
  m_IgnoreNormalsForChartDetection: 0
  m_ImportantGI: 0
  m_StitchLightmapSeams: 0
  m_SelectedEditorRenderState: 3
  m_MinimumChartSize: 4
  m_AutoUVMaxDistance: 0.5
  m_AutoUVMaxAngle: 89
  m_LightmapParameters: {fileID: 0}
  m_SortingLayerID: 0
  m_SortingLayer: 0
  m_SortingOrder: 0
  m_Positions:
  - {x: 0, y: 0, z: 0}
  - {x: 0, y: 0, z: 0}
  m_Parameters:
    serializedVersion: 2
    widthMultiplier: 1
    widthCurve:
      serializedVersion: 2
      m_Curve:
      - serializedVersion: 3
        time: 0.16966629
        value: 0.3103447
        inSlope: 0
        outSlope: 0
        tangentMode: 0
        weightedMode: 0
        inWeight: 0.33333334
        outWeight: 0.33333334
      m_PreInfinity: 2
      m_PostInfinity: 2
      m_RotationOrder: 4
    colorGradient:
      serializedVersion: 2
      key0: {r: 1, g: 1, b: 1, a: 1}
      key1: {r: 1, g: 1, b: 1, a: 1}
      key2: {r: 0, g: 0, b: 0, a: 0}
      key3: {r: 0, g: 0, b: 0, a: 0}
      key4: {r: 0, g: 0, b: 0, a: 0}
      key5: {r: 0, g: 0, b: 0, a: 0}
      key6: {r: 0, g: 0, b: 0, a: 0}
      key7: {r: 0, g: 0, b: 0, a: 0}
      ctime0: 0
      ctime1: 65535
      ctime2: 0
      ctime3: 0
      ctime4: 0
      ctime5: 0
      ctime6: 0
      ctime7: 0
      atime0: 0
      atime1: 65535
      atime2: 0
      atime3: 0
      atime4: 0
      atime5: 0
      atime6: 0
      atime7: 0
      m_Mode: 0
      m_NumColorKeys: 2
      m_NumAlphaKeys: 2
    numCornerVertices: 0
    numCapVertices: 0
    alignment: 0
    textureMode: 0
    generateLightingData: 0
  m_UseWorldSpace: 1
  m_Loop: 0
--- !u!4 &783150571
Transform:
  m_ObjectHideFlags: 0
  m_CorrespondingSourceObject: {fileID: 0}
  m_PrefabInternal: {fileID: 0}
  m_GameObject: {fileID: 783150569}
  m_LocalRotation: {x: -0, y: -0, z: -0, w: 1}
  m_LocalPosition: {x: -37.379997, y: -10.66, z: 0.36454514}
  m_LocalScale: {x: 1, y: 1, z: 1}
  m_Children: []
  m_Father: {fileID: 2105123470}
  m_RootOrder: 1
  m_LocalEulerAnglesHint: {x: 0, y: 0, z: 0}
--- !u!1 &800870202 stripped
GameObject:
  m_CorrespondingSourceObject: {fileID: 100000, guid: a038b284634e29f4aaf058814aa61a6f,
    type: 2}
  m_PrefabInternal: {fileID: 325018236}
--- !u!114 &800870203
MonoBehaviour:
  m_ObjectHideFlags: 0
  m_CorrespondingSourceObject: {fileID: 0}
  m_PrefabInternal: {fileID: 0}
  m_GameObject: {fileID: 800870202}
  m_Enabled: 1
  m_EditorHideFlags: 0
  m_Script: {fileID: 11500000, guid: 8e28cde607f341b4c8118b87c442ff1e, type: 3}
  m_Name: 
  m_EditorClassIdentifier: 
--- !u!82 &800870204
AudioSource:
  m_ObjectHideFlags: 0
  m_CorrespondingSourceObject: {fileID: 0}
  m_PrefabInternal: {fileID: 0}
  m_GameObject: {fileID: 800870202}
  m_Enabled: 0
  serializedVersion: 4
  OutputAudioMixerGroup: {fileID: 24300001, guid: f166ed551f18240f99a161783914f623,
    type: 2}
  m_audioClip: {fileID: 8300000, guid: cc7da5800bd3b4cb4b196ef674bee2e5, type: 3}
  m_PlayOnAwake: 0
  m_Volume: 1
  m_Pitch: 1
  Loop: 0
  Mute: 0
  Spatialize: 0
  SpatializePostEffects: 0
  Priority: 128
  DopplerLevel: 1
  MinDistance: 1
  MaxDistance: 500
  Pan2D: 0
  rolloffMode: 0
  BypassEffects: 0
  BypassListenerEffects: 0
  BypassReverbZones: 0
  rolloffCustomCurve:
    serializedVersion: 2
    m_Curve:
    - serializedVersion: 3
      time: 0
      value: 1
      inSlope: 0
      outSlope: 0
      tangentMode: 0
      weightedMode: 0
      inWeight: 0.33333334
      outWeight: 0.33333334
    - serializedVersion: 3
      time: 1
      value: 0
      inSlope: 0
      outSlope: 0
      tangentMode: 0
      weightedMode: 0
      inWeight: 0.33333334
      outWeight: 0.33333334
    m_PreInfinity: 2
    m_PostInfinity: 2
    m_RotationOrder: 4
  panLevelCustomCurve:
    serializedVersion: 2
    m_Curve:
    - serializedVersion: 3
      time: 0
      value: 0
      inSlope: 0
      outSlope: 0
      tangentMode: 0
      weightedMode: 0
      inWeight: 0.33333334
      outWeight: 0.33333334
    m_PreInfinity: 2
    m_PostInfinity: 2
    m_RotationOrder: 4
  spreadCustomCurve:
    serializedVersion: 2
    m_Curve:
    - serializedVersion: 3
      time: 0
      value: 0
      inSlope: 0
      outSlope: 0
      tangentMode: 0
      weightedMode: 0
      inWeight: 0.33333334
      outWeight: 0.33333334
    m_PreInfinity: 2
    m_PostInfinity: 2
    m_RotationOrder: 4
  reverbZoneMixCustomCurve:
    serializedVersion: 2
    m_Curve:
    - serializedVersion: 3
      time: 0
      value: 1
      inSlope: 0
      outSlope: 0
      tangentMode: 0
      weightedMode: 0
      inWeight: 0.33333334
      outWeight: 0.33333334
    m_PreInfinity: 2
    m_PostInfinity: 2
    m_RotationOrder: 4
--- !u!1001 &866963964
Prefab:
  m_ObjectHideFlags: 0
  serializedVersion: 2
  m_Modification:
    m_TransformParent: {fileID: 0}
    m_Modifications:
    - target: {fileID: 400002, guid: 87a2357765801c34292d6718d8b4d770, type: 2}
      propertyPath: m_LocalPosition.x
      value: 44.63
      objectReference: {fileID: 0}
    - target: {fileID: 400002, guid: 87a2357765801c34292d6718d8b4d770, type: 2}
      propertyPath: m_LocalPosition.y
      value: 22.65
      objectReference: {fileID: 0}
    - target: {fileID: 400002, guid: 87a2357765801c34292d6718d8b4d770, type: 2}
      propertyPath: m_LocalPosition.z
      value: 0
      objectReference: {fileID: 0}
    - target: {fileID: 400002, guid: 87a2357765801c34292d6718d8b4d770, type: 2}
      propertyPath: m_LocalRotation.x
      value: 0
      objectReference: {fileID: 0}
    - target: {fileID: 400002, guid: 87a2357765801c34292d6718d8b4d770, type: 2}
      propertyPath: m_LocalRotation.y
      value: 0
      objectReference: {fileID: 0}
    - target: {fileID: 400002, guid: 87a2357765801c34292d6718d8b4d770, type: 2}
      propertyPath: m_LocalRotation.z
      value: 0
      objectReference: {fileID: 0}
    - target: {fileID: 400002, guid: 87a2357765801c34292d6718d8b4d770, type: 2}
      propertyPath: m_LocalRotation.w
      value: 1
      objectReference: {fileID: 0}
    - target: {fileID: 400002, guid: 87a2357765801c34292d6718d8b4d770, type: 2}
      propertyPath: m_RootOrder
      value: 3
      objectReference: {fileID: 0}
    - target: {fileID: 5000000, guid: 87a2357765801c34292d6718d8b4d770, type: 2}
      propertyPath: m_BodyType
      value: 0
      objectReference: {fileID: 0}
    - target: {fileID: 5000000, guid: 87a2357765801c34292d6718d8b4d770, type: 2}
      propertyPath: m_GravityScale
      value: 1
      objectReference: {fileID: 0}
    - target: {fileID: 5000000, guid: 87a2357765801c34292d6718d8b4d770, type: 2}
      propertyPath: m_Material
      value: 
      objectReference: {fileID: 0}
    - target: {fileID: 5000000, guid: 87a2357765801c34292d6718d8b4d770, type: 2}
      propertyPath: m_Simulated
      value: 1
      objectReference: {fileID: 0}
    - target: {fileID: 5000000, guid: 87a2357765801c34292d6718d8b4d770, type: 2}
      propertyPath: m_Mass
      value: 1
      objectReference: {fileID: 0}
    - target: {fileID: 5000000, guid: 87a2357765801c34292d6718d8b4d770, type: 2}
      propertyPath: m_UseAutoMass
      value: 0
      objectReference: {fileID: 0}
    - target: {fileID: 9500000, guid: 87a2357765801c34292d6718d8b4d770, type: 2}
      propertyPath: m_Enabled
      value: 0
      objectReference: {fileID: 0}
    - target: {fileID: 21200000, guid: 87a2357765801c34292d6718d8b4d770, type: 2}
      propertyPath: m_Enabled
      value: 1
      objectReference: {fileID: 0}
    - target: {fileID: 5000000, guid: 87a2357765801c34292d6718d8b4d770, type: 2}
      propertyPath: m_Constraints
      value: 4
      objectReference: {fileID: 0}
    - target: {fileID: 5000000, guid: 87a2357765801c34292d6718d8b4d770, type: 2}
      propertyPath: m_Interpolate
      value: 0
      objectReference: {fileID: 0}
    m_RemovedComponents:
    - {fileID: 11400000, guid: 87a2357765801c34292d6718d8b4d770, type: 2}
    - {fileID: 11400002, guid: 87a2357765801c34292d6718d8b4d770, type: 2}
    - {fileID: 5000000, guid: 87a2357765801c34292d6718d8b4d770, type: 2}
  m_SourcePrefab: {fileID: 100100000, guid: 87a2357765801c34292d6718d8b4d770, type: 2}
  m_IsPrefabAsset: 0
--- !u!1001 &925619341
Prefab:
  m_ObjectHideFlags: 0
  serializedVersion: 2
  m_Modification:
    m_TransformParent: {fileID: 0}
    m_Modifications:
    - target: {fileID: 400000, guid: a038b284634e29f4aaf058814aa61a6f, type: 2}
      propertyPath: m_LocalPosition.x
      value: 97.4
      objectReference: {fileID: 0}
    - target: {fileID: 400000, guid: a038b284634e29f4aaf058814aa61a6f, type: 2}
      propertyPath: m_LocalPosition.y
      value: 32.2
      objectReference: {fileID: 0}
    - target: {fileID: 400000, guid: a038b284634e29f4aaf058814aa61a6f, type: 2}
      propertyPath: m_LocalPosition.z
      value: 0
      objectReference: {fileID: 0}
    - target: {fileID: 400000, guid: a038b284634e29f4aaf058814aa61a6f, type: 2}
      propertyPath: m_LocalRotation.x
      value: 0
      objectReference: {fileID: 0}
    - target: {fileID: 400000, guid: a038b284634e29f4aaf058814aa61a6f, type: 2}
      propertyPath: m_LocalRotation.y
      value: 0
      objectReference: {fileID: 0}
    - target: {fileID: 400000, guid: a038b284634e29f4aaf058814aa61a6f, type: 2}
      propertyPath: m_LocalRotation.z
      value: 0
      objectReference: {fileID: 0}
    - target: {fileID: 400000, guid: a038b284634e29f4aaf058814aa61a6f, type: 2}
      propertyPath: m_LocalRotation.w
      value: 1
      objectReference: {fileID: 0}
    - target: {fileID: 400000, guid: a038b284634e29f4aaf058814aa61a6f, type: 2}
      propertyPath: m_RootOrder
      value: 1
      objectReference: {fileID: 0}
    - target: {fileID: 400000, guid: a038b284634e29f4aaf058814aa61a6f, type: 2}
      propertyPath: m_LocalScale.x
      value: 0.062499985
      objectReference: {fileID: 0}
    m_RemovedComponents: []
  m_SourcePrefab: {fileID: 100100000, guid: a038b284634e29f4aaf058814aa61a6f, type: 2}
  m_IsPrefabAsset: 0
--- !u!1 &1529688212
GameObject:
  m_ObjectHideFlags: 0
  m_CorrespondingSourceObject: {fileID: 0}
  m_PrefabInternal: {fileID: 0}
  serializedVersion: 6
  m_Component:
  - component: {fileID: 1529688216}
  - component: {fileID: 1529688215}
  - component: {fileID: 1529688214}
  - component: {fileID: 1529688213}
  - component: {fileID: 1529688217}
  m_Layer: 0
  m_Name: Main Camera
  m_TagString: MainCamera
  m_Icon: {fileID: 0}
  m_NavMeshLayer: 0
  m_StaticEditorFlags: 0
  m_IsActive: 1
--- !u!81 &1529688213
AudioListener:
  m_ObjectHideFlags: 0
  m_CorrespondingSourceObject: {fileID: 0}
  m_PrefabInternal: {fileID: 0}
  m_GameObject: {fileID: 1529688212}
  m_Enabled: 1
--- !u!124 &1529688214
Behaviour:
  m_ObjectHideFlags: 0
  m_CorrespondingSourceObject: {fileID: 0}
  m_PrefabInternal: {fileID: 0}
  m_GameObject: {fileID: 1529688212}
  m_Enabled: 1
--- !u!20 &1529688215
Camera:
  m_ObjectHideFlags: 0
  m_CorrespondingSourceObject: {fileID: 0}
  m_PrefabInternal: {fileID: 0}
  m_GameObject: {fileID: 1529688212}
  m_Enabled: 1
  serializedVersion: 2
  m_ClearFlags: 1
  m_BackGroundColor: {r: 0.19215687, g: 0.3019608, b: 0.4745098, a: 0}
  m_projectionMatrixMode: 1
  m_SensorSize: {x: 36, y: 24}
  m_LensShift: {x: 0, y: 0}
  m_FocalLength: 50
  m_NormalizedViewPortRect:
    serializedVersion: 2
    x: 0
    y: 0
    width: 1
    height: 1
  near clip plane: 0.3
  far clip plane: 1000
  field of view: 60
  orthographic: 1
  orthographic size: 6
  m_Depth: -1
  m_CullingMask:
    serializedVersion: 2
    m_Bits: 4294967295
  m_RenderingPath: -1
  m_TargetTexture: {fileID: 0}
  m_TargetDisplay: 0
  m_TargetEye: 3
  m_HDR: 1
  m_AllowMSAA: 1
  m_AllowDynamicResolution: 0
  m_ForceIntoRT: 0
  m_OcclusionCulling: 1
  m_StereoConvergence: 10
  m_StereoSeparation: 0.022
--- !u!4 &1529688216
Transform:
  m_ObjectHideFlags: 0
  m_CorrespondingSourceObject: {fileID: 0}
  m_PrefabInternal: {fileID: 0}
  m_GameObject: {fileID: 1529688212}
  m_LocalRotation: {x: 0, y: 0, z: 0, w: 1}
  m_LocalPosition: {x: 48.6, y: 19.62, z: -10}
  m_LocalScale: {x: 1, y: 1, z: 1}
  m_Children: []
  m_Father: {fileID: 0}
  m_RootOrder: 0
  m_LocalEulerAnglesHint: {x: 0, y: 0, z: 0}
--- !u!114 &1529688217
MonoBehaviour:
  m_ObjectHideFlags: 0
  m_CorrespondingSourceObject: {fileID: 0}
  m_PrefabInternal: {fileID: 0}
  m_GameObject: {fileID: 1529688212}
  m_Enabled: 1
  m_EditorHideFlags: 0
  m_Script: {fileID: 11500000, guid: 5d8238cc53530b64fbb7828c3d3bb591, type: 3}
  m_Name: 
  m_EditorClassIdentifier: 
  target: {fileID: 1665382902}
  damping: 1
  lookAheadFactor: 3
  lookAheadReturnSpeed: 0.5
  lookAheadMoveThreshold: 0.1
--- !u!1001 &1552738712
Prefab:
  m_ObjectHideFlags: 0
  serializedVersion: 2
  m_Modification:
    m_TransformParent: {fileID: 0}
    m_Modifications:
    - target: {fileID: 400014, guid: 47d3e747b2e87de4c8358aaa436365ea, type: 2}
      propertyPath: m_LocalPosition.x
      value: 24.54
      objectReference: {fileID: 0}
    - target: {fileID: 400014, guid: 47d3e747b2e87de4c8358aaa436365ea, type: 2}
      propertyPath: m_LocalPosition.y
      value: 15.866197
      objectReference: {fileID: 0}
    - target: {fileID: 400014, guid: 47d3e747b2e87de4c8358aaa436365ea, type: 2}
      propertyPath: m_LocalPosition.z
      value: 0
      objectReference: {fileID: 0}
    - target: {fileID: 400014, guid: 47d3e747b2e87de4c8358aaa436365ea, type: 2}
      propertyPath: m_LocalRotation.x
      value: 0
      objectReference: {fileID: 0}
    - target: {fileID: 400014, guid: 47d3e747b2e87de4c8358aaa436365ea, type: 2}
      propertyPath: m_LocalRotation.y
      value: 0
      objectReference: {fileID: 0}
    - target: {fileID: 400014, guid: 47d3e747b2e87de4c8358aaa436365ea, type: 2}
      propertyPath: m_LocalRotation.z
      value: 0
      objectReference: {fileID: 0}
    - target: {fileID: 400014, guid: 47d3e747b2e87de4c8358aaa436365ea, type: 2}
      propertyPath: m_LocalRotation.w
      value: 1
      objectReference: {fileID: 0}
    - target: {fileID: 400014, guid: 47d3e747b2e87de4c8358aaa436365ea, type: 2}
      propertyPath: m_RootOrder
      value: 4
      objectReference: {fileID: 0}
    - target: {fileID: 100014, guid: 47d3e747b2e87de4c8358aaa436365ea, type: 2}
      propertyPath: m_Layer
      value: 8
      objectReference: {fileID: 0}
    - target: {fileID: 100012, guid: 47d3e747b2e87de4c8358aaa436365ea, type: 2}
      propertyPath: m_Layer
      value: 8
      objectReference: {fileID: 0}
    - target: {fileID: 100008, guid: 47d3e747b2e87de4c8358aaa436365ea, type: 2}
      propertyPath: m_Layer
      value: 8
      objectReference: {fileID: 0}
    - target: {fileID: 100018, guid: 47d3e747b2e87de4c8358aaa436365ea, type: 2}
      propertyPath: m_Layer
      value: 8
      objectReference: {fileID: 0}
    - target: {fileID: 100024, guid: 47d3e747b2e87de4c8358aaa436365ea, type: 2}
      propertyPath: m_Layer
      value: 8
      objectReference: {fileID: 0}
    - target: {fileID: 100010, guid: 47d3e747b2e87de4c8358aaa436365ea, type: 2}
      propertyPath: m_Layer
      value: 8
      objectReference: {fileID: 0}
    - target: {fileID: 100004, guid: 47d3e747b2e87de4c8358aaa436365ea, type: 2}
      propertyPath: m_Layer
      value: 8
      objectReference: {fileID: 0}
    - target: {fileID: 100020, guid: 47d3e747b2e87de4c8358aaa436365ea, type: 2}
      propertyPath: m_Layer
      value: 8
      objectReference: {fileID: 0}
    - target: {fileID: 100026, guid: 47d3e747b2e87de4c8358aaa436365ea, type: 2}
      propertyPath: m_Layer
      value: 8
      objectReference: {fileID: 0}
    - target: {fileID: 100016, guid: 47d3e747b2e87de4c8358aaa436365ea, type: 2}
      propertyPath: m_Layer
      value: 8
      objectReference: {fileID: 0}
    - target: {fileID: 100006, guid: 47d3e747b2e87de4c8358aaa436365ea, type: 2}
      propertyPath: m_Layer
      value: 8
      objectReference: {fileID: 0}
    - target: {fileID: 100022, guid: 47d3e747b2e87de4c8358aaa436365ea, type: 2}
      propertyPath: m_Layer
      value: 8
      objectReference: {fileID: 0}
    - target: {fileID: 100002, guid: 47d3e747b2e87de4c8358aaa436365ea, type: 2}
      propertyPath: m_Layer
      value: 8
      objectReference: {fileID: 0}
    - target: {fileID: 100000, guid: 47d3e747b2e87de4c8358aaa436365ea, type: 2}
      propertyPath: m_Layer
      value: 8
      objectReference: {fileID: 0}
    m_RemovedComponents: []
  m_SourcePrefab: {fileID: 100100000, guid: 47d3e747b2e87de4c8358aaa436365ea, type: 2}
  m_IsPrefabAsset: 0
--- !u!1 &1665382895 stripped
GameObject:
  m_CorrespondingSourceObject: {fileID: 100002, guid: 87a2357765801c34292d6718d8b4d770,
    type: 2}
  m_PrefabInternal: {fileID: 866963964}
--- !u!114 &1665382896
MonoBehaviour:
  m_ObjectHideFlags: 0
  m_CorrespondingSourceObject: {fileID: 0}
  m_PrefabInternal: {fileID: 0}
  m_GameObject: {fileID: 1665382895}
  m_Enabled: 1
  m_EditorHideFlags: 0
  m_Script: {fileID: 11500000, guid: 8436cd370f6effc4398135da3b34f16b, type: 3}
  m_Name: 
  m_EditorClassIdentifier: 
  speed: 10
  jumpSpeed: 250
  rope: {fileID: 0}
  groundCheckPoint: {fileID: 418437497}
  groundCheckRadius: 0.25
  groundLayer:
    serializedVersion: 2
    m_Bits: 256
  isGrounded: 0
--- !u!50 &1665382897
Rigidbody2D:
  serializedVersion: 4
  m_ObjectHideFlags: 0
  m_CorrespondingSourceObject: {fileID: 0}
  m_PrefabInternal: {fileID: 0}
  m_GameObject: {fileID: 1665382895}
  m_BodyType: 0
  m_Simulated: 1
  m_UseFullKinematicContacts: 0
  m_UseAutoMass: 0
  m_Mass: 0.7859145
  m_LinearDrag: 0
  m_AngularDrag: 1
  m_GravityScale: 1
  m_Material: {fileID: 0}
  m_Interpolate: 0
  m_SleepingMode: 1
  m_CollisionDetection: 0
  m_Constraints: 4
--- !u!4 &1665382902 stripped
Transform:
  m_CorrespondingSourceObject: {fileID: 400002, guid: 87a2357765801c34292d6718d8b4d770,
    type: 2}
  m_PrefabInternal: {fileID: 866963964}
--- !u!1001 &1680241603
Prefab:
  m_ObjectHideFlags: 0
  serializedVersion: 2
  m_Modification:
    m_TransformParent: {fileID: 2105123470}
    m_Modifications:
    - target: {fileID: 400000, guid: 18fcd494ab71841d695135246693eb3a, type: 2}
      propertyPath: m_LocalPosition.x
      value: -28.38916
      objectReference: {fileID: 0}
    - target: {fileID: 400000, guid: 18fcd494ab71841d695135246693eb3a, type: 2}
      propertyPath: m_LocalPosition.y
      value: -0.7399998
      objectReference: {fileID: 0}
    - target: {fileID: 400000, guid: 18fcd494ab71841d695135246693eb3a, type: 2}
      propertyPath: m_LocalPosition.z
      value: 0
      objectReference: {fileID: 0}
    - target: {fileID: 400000, guid: 18fcd494ab71841d695135246693eb3a, type: 2}
      propertyPath: m_LocalRotation.x
      value: -0
      objectReference: {fileID: 0}
    - target: {fileID: 400000, guid: 18fcd494ab71841d695135246693eb3a, type: 2}
      propertyPath: m_LocalRotation.y
      value: -0
      objectReference: {fileID: 0}
    - target: {fileID: 400000, guid: 18fcd494ab71841d695135246693eb3a, type: 2}
      propertyPath: m_LocalRotation.z
      value: -0
      objectReference: {fileID: 0}
    - target: {fileID: 400000, guid: 18fcd494ab71841d695135246693eb3a, type: 2}
      propertyPath: m_LocalRotation.w
      value: 1
      objectReference: {fileID: 0}
    - target: {fileID: 400000, guid: 18fcd494ab71841d695135246693eb3a, type: 2}
      propertyPath: m_RootOrder
      value: 0
      objectReference: {fileID: 0}
    - target: {fileID: 100000, guid: 18fcd494ab71841d695135246693eb3a, type: 2}
      propertyPath: m_Layer
      value: 9
      objectReference: {fileID: 0}
    - target: {fileID: 6100000, guid: 18fcd494ab71841d695135246693eb3a, type: 2}
      propertyPath: m_IsTrigger
      value: 1
      objectReference: {fileID: 0}
    - target: {fileID: 6100000, guid: 18fcd494ab71841d695135246693eb3a, type: 2}
      propertyPath: m_UsedByComposite
      value: 0
      objectReference: {fileID: 0}
    m_RemovedComponents:
    - {fileID: 5000000, guid: 18fcd494ab71841d695135246693eb3a, type: 2}
  m_SourcePrefab: {fileID: 100100000, guid: 18fcd494ab71841d695135246693eb3a, type: 2}
  m_IsPrefabAsset: 0
--- !u!1001 &1901351886
Prefab:
  m_ObjectHideFlags: 0
  serializedVersion: 2
  m_Modification:
    m_TransformParent: {fileID: 60611925}
    m_Modifications:
    - target: {fileID: 400000, guid: 18fcd494ab71841d695135246693eb3a, type: 2}
      propertyPath: m_LocalPosition.x
      value: -28.38916
      objectReference: {fileID: 0}
    - target: {fileID: 400000, guid: 18fcd494ab71841d695135246693eb3a, type: 2}
      propertyPath: m_LocalPosition.y
      value: -0.7399998
      objectReference: {fileID: 0}
    - target: {fileID: 400000, guid: 18fcd494ab71841d695135246693eb3a, type: 2}
      propertyPath: m_LocalPosition.z
      value: 0
      objectReference: {fileID: 0}
    - target: {fileID: 400000, guid: 18fcd494ab71841d695135246693eb3a, type: 2}
      propertyPath: m_LocalRotation.x
      value: -0
      objectReference: {fileID: 0}
    - target: {fileID: 400000, guid: 18fcd494ab71841d695135246693eb3a, type: 2}
      propertyPath: m_LocalRotation.y
      value: -0
      objectReference: {fileID: 0}
    - target: {fileID: 400000, guid: 18fcd494ab71841d695135246693eb3a, type: 2}
      propertyPath: m_LocalRotation.z
      value: -0
      objectReference: {fileID: 0}
    - target: {fileID: 400000, guid: 18fcd494ab71841d695135246693eb3a, type: 2}
      propertyPath: m_LocalRotation.w
      value: 1
      objectReference: {fileID: 0}
    - target: {fileID: 400000, guid: 18fcd494ab71841d695135246693eb3a, type: 2}
      propertyPath: m_RootOrder
      value: 0
      objectReference: {fileID: 0}
    - target: {fileID: 100000, guid: 18fcd494ab71841d695135246693eb3a, type: 2}
      propertyPath: m_Layer
      value: 9
      objectReference: {fileID: 0}
    - target: {fileID: 6100000, guid: 18fcd494ab71841d695135246693eb3a, type: 2}
      propertyPath: m_IsTrigger
      value: 1
      objectReference: {fileID: 0}
    - target: {fileID: 6100000, guid: 18fcd494ab71841d695135246693eb3a, type: 2}
      propertyPath: m_UsedByComposite
      value: 0
      objectReference: {fileID: 0}
    m_RemovedComponents:
    - {fileID: 5000000, guid: 18fcd494ab71841d695135246693eb3a, type: 2}
  m_SourcePrefab: {fileID: 100100000, guid: 18fcd494ab71841d695135246693eb3a, type: 2}
  m_IsPrefabAsset: 0
--- !u!1001 &1981602029
Prefab:
  m_ObjectHideFlags: 0
  serializedVersion: 2
  m_Modification:
    m_TransformParent: {fileID: 0}
    m_Modifications:
    - target: {fileID: 400000, guid: ba4eef1c1bb56b444b143beb8d3e30d5, type: 2}
      propertyPath: m_LocalPosition.x
      value: 62.895725
      objectReference: {fileID: 0}
    - target: {fileID: 400000, guid: ba4eef1c1bb56b444b143beb8d3e30d5, type: 2}
      propertyPath: m_LocalPosition.y
      value: 20.078981
      objectReference: {fileID: 0}
    - target: {fileID: 400000, guid: ba4eef1c1bb56b444b143beb8d3e30d5, type: 2}
      propertyPath: m_LocalPosition.z
      value: 0
      objectReference: {fileID: 0}
    - target: {fileID: 400000, guid: ba4eef1c1bb56b444b143beb8d3e30d5, type: 2}
      propertyPath: m_LocalRotation.x
      value: -0
      objectReference: {fileID: 0}
    - target: {fileID: 400000, guid: ba4eef1c1bb56b444b143beb8d3e30d5, type: 2}
      propertyPath: m_LocalRotation.y
      value: -0
      objectReference: {fileID: 0}
    - target: {fileID: 400000, guid: ba4eef1c1bb56b444b143beb8d3e30d5, type: 2}
      propertyPath: m_LocalRotation.z
      value: 0.04325947
      objectReference: {fileID: 0}
    - target: {fileID: 400000, guid: ba4eef1c1bb56b444b143beb8d3e30d5, type: 2}
      propertyPath: m_LocalRotation.w
      value: 0.99906385
      objectReference: {fileID: 0}
    - target: {fileID: 400000, guid: ba4eef1c1bb56b444b143beb8d3e30d5, type: 2}
      propertyPath: m_RootOrder
      value: 2
      objectReference: {fileID: 0}
    - target: {fileID: 100000, guid: ba4eef1c1bb56b444b143beb8d3e30d5, type: 2}
      propertyPath: m_Layer
      value: 8
      objectReference: {fileID: 0}
    - target: {fileID: 100004, guid: ba4eef1c1bb56b444b143beb8d3e30d5, type: 2}
      propertyPath: m_Layer
      value: 8
      objectReference: {fileID: 0}
    - target: {fileID: 100002, guid: ba4eef1c1bb56b444b143beb8d3e30d5, type: 2}
      propertyPath: m_Layer
      value: 8
      objectReference: {fileID: 0}
    - target: {fileID: 100012, guid: ba4eef1c1bb56b444b143beb8d3e30d5, type: 2}
      propertyPath: m_Layer
      value: 8
      objectReference: {fileID: 0}
    - target: {fileID: 100006, guid: ba4eef1c1bb56b444b143beb8d3e30d5, type: 2}
      propertyPath: m_Layer
      value: 8
      objectReference: {fileID: 0}
    - target: {fileID: 100010, guid: ba4eef1c1bb56b444b143beb8d3e30d5, type: 2}
      propertyPath: m_Layer
      value: 8
      objectReference: {fileID: 0}
    - target: {fileID: 100014, guid: ba4eef1c1bb56b444b143beb8d3e30d5, type: 2}
      propertyPath: m_Layer
      value: 8
      objectReference: {fileID: 0}
    - target: {fileID: 100008, guid: ba4eef1c1bb56b444b143beb8d3e30d5, type: 2}
      propertyPath: m_Layer
      value: 8
      objectReference: {fileID: 0}
    - target: {fileID: 400000, guid: ba4eef1c1bb56b444b143beb8d3e30d5, type: 2}
      propertyPath: m_LocalEulerAnglesHint.z
      value: 4.959
      objectReference: {fileID: 0}
    m_RemovedComponents: []
  m_SourcePrefab: {fileID: 100100000, guid: ba4eef1c1bb56b444b143beb8d3e30d5, type: 2}
  m_IsPrefabAsset: 0
--- !u!1 &2105123469
GameObject:
  m_ObjectHideFlags: 0
  m_CorrespondingSourceObject: {fileID: 0}
  m_PrefabInternal: {fileID: 0}
  serializedVersion: 6
  m_Component:
  - component: {fileID: 2105123470}
  m_Layer: 9
  m_Name: Swing1
  m_TagString: Untagged
  m_Icon: {fileID: 0}
  m_NavMeshLayer: 0
  m_StaticEditorFlags: 0
  m_IsActive: 1
--- !u!4 &2105123470
Transform:
  m_ObjectHideFlags: 0
  m_CorrespondingSourceObject: {fileID: 0}
  m_PrefabInternal: {fileID: 0}
  m_GameObject: {fileID: 2105123469}
  m_LocalRotation: {x: -0, y: -0, z: -0, w: 1}
  m_LocalPosition: {x: 82.42, y: 28.13, z: 0}
  m_LocalScale: {x: 1, y: 1, z: 1}
  m_Children:
  - {fileID: 324724853}
  - {fileID: 783150571}
  m_Father: {fileID: 0}
  m_RootOrder: 8
  m_LocalEulerAnglesHint: {x: 0, y: 0, z: 0}
